    @manual{Wetterstrand2020,
      title  = "DNA Sequencing Costs: Data from the NHGRI Genome Sequencing Program (GSP)",
      author = "Kris A. Wetterstrand",
      url    = "http://www.genome.gov/sequencingcostsdata",
      year   = "Accessed 2021-01-06"
    }