@Manual{R-base,
  title = {R: A Language and Environment for Statistical Computing},
  author = {{R Core Team}},
  organization = {R Foundation for Statistical Computing},
  address = {Vienna, Austria},
  year = {2020},
  url = {https://www.R-project.org/},
}

@Manual{R-qpcR,
  title = {qpcR: Modelling and Analysis of Real-Time PCR Data},
  author = {Andrej-Nikolai Spiess},
  year = {2018},
  note = {R package version 1.4-1},
  url = {https://CRAN.R-project.org/package=qpcR},
}

