@article{RN2516,
   author = {Abramowitz, M. K. and Hall, C. B. and Amodu, A. and Sharma, D. and Androga, L. and Hawkins, M.},
   title = {Muscle mass, BMI, and mortality among adults in the United States: A population-based cohort study},
   journal = {PLoS One},
   volume = {13},
   number = {4},
   pages = {e0194697},
   ISSN = {1932-6203},
   DOI = {10.1371/journal.pone.0194697},
   year = {2018},
   type = {Journal Article}
}

@article{RN1741,
   author = {Ahtiainen, J. P. and Walker, S. and Peltonen, H. and Holviala, J. and Sillanpaa, E. and Karavirta, L. and Sallinen, J. and Mikkola, J. and Valkeinen, H. and Mero, A. and Hulmi, J. J. and Hakkinen, K.},
   title = {Heterogeneity in resistance training-induced muscle strength and mass responses in men and women of different ages},
   journal = {Age (Dordr)},
   volume = {38},
   number = {1},
   pages = {10},
   ISSN = {1574-4647 (Electronic)},
   DOI = {10.1007/s11357-015-9870-1},
   url = {http://www.ncbi.nlm.nih.gov/pubmed/26767377},
   year = {2016},
   type = {Journal Article}
}

@article{RN2057,
   author = {Andersen, J. L. and Aagaard, P.},
   title = {Myosin heavy chain IIX overshoot in human skeletal muscle},
   journal = {Muscle Nerve},
   volume = {23},
   number = {7},
   pages = {1095-104},
   ISSN = {0148-639X (Print)
0148-639x},
   year = {2000},
   type = {Journal Article}
}

@article{RN2056,
   author = {Andersen, J. L. and Gruschy-Knudsen, T.},
   title = {Rapid switch-off of the human myosin heavy chain IIX gene after heavy load muscle contractions is sustained for at least four days},
   journal = {Scand J Med Sci Sports},
   volume = {28},
   number = {2},
   pages = {371-380},
   ISSN = {0905-7188},
   DOI = {10.1111/sms.12914},
   year = {2018},
   type = {Journal Article}
}

@article{RN2526,
   author = {Arden, N. K. and Spector, T. D.},
   title = {Genetic Influences on Muscle Strength, Lean Body Mass, and Bone Mineral Density: A Twin Study},
   journal = {Journal of Bone and Mineral Research},
   volume = {12},
   number = {12},
   pages = {2076-2081},
   ISSN = {0884-0431},
   DOI = {10.1359/jbmr.1997.12.12.2076},
   url = {https://doi.org/10.1359/jbmr.1997.12.12.2076
https://asbmr.onlinelibrary.wiley.com/doi/pdfdirect/10.1359/jbmr.1997.12.12.2076?download=true},
   year = {1997},
   type = {Journal Article}
}

@article{RN798,
   author = {Bird, S. P. and Tarpenning, K. M. and Marino, F. E.},
   title = {Designing resistance training programmes to enhance muscular fitness: a review of the acute programme variables},
   journal = {Sports Med},
   volume = {35},
   number = {10},
   pages = {841-51},
   ISSN = {0112-1642 (Print)
0112-1642 (Linking)},
   url = {http://www.ncbi.nlm.nih.gov/pubmed/16180944},
   year = {2005},
   type = {Journal Article}
}

@article{RN794,
   author = {Carpinelli, R. N. and Otto, R. M.},
   title = {Strength training. Single versus multiple sets},
   journal = {Sports Med},
   volume = {26},
   number = {2},
   pages = {73-84},
   ISSN = {0112-1642 (Print)
0112-1642 (Linking)},
   url = {http://www.ncbi.nlm.nih.gov/pubmed/9777681},
   year = {1998},
   type = {Journal Article}
}

@article{RN2063,
   author = {Choi, J. and Lee, M. and Lee, J. K. and Kang, D. and Choi, J. Y.},
   title = {Correlates associated with participation in physical activity among adults: a systematic review of reviews and update},
   journal = {BMC Public Health},
   volume = {17},
   number = {1},
   pages = {356},
   ISSN = {1471-2458},
   DOI = {10.1186/s12889-017-4255-2},
   url = {https://www.ncbi.nlm.nih.gov/pmc/articles/PMC5404309/pdf/12889_2017_Article_4255.pdf},
   year = {2017},
   type = {Journal Article}
}

@article{RN1748,
   author = {Ellefsen, S. and Hammarstrom, D. and Strand, T. A. and Zacharoff, E. and Whist, J. E. and Rauk, I. and Nygaard, H. and Vegge, G. and Hanestadhaugen, M. and Wernbom, M. and Cumming, K. T. and Ronning, R. and Raastad, T. and Ronnestad, B. R.},
   title = {Blood flow-restricted strength training displays high functional and biological efficacy in women: a within-subject comparison with high-load strength training},
   journal = {Am J Physiol Regul Integr Comp Physiol},
   volume = {309},
   number = {7},
   pages = {R767-79},
   ISSN = {1522-1490 (Electronic)
0363-6119 (Linking)},
   DOI = {10.1152/ajpregu.00497.2014},
   url = {http://www.ncbi.nlm.nih.gov/pubmed/26202071},
   year = {2015},
   type = {Journal Article}
}

@article{RN825,
   author = {Ellefsen, S. and Stenslokken, K. O.},
   title = {Gene-family profiling: a normalization-free real-time RT-PCR approach with increased physiological resolution},
   journal = {Physiol Genomics},
   volume = {42},
   number = {1},
   pages = {1-4},
   ISSN = {1531-2267 (Electronic)
1094-8341 (Linking)},
   DOI = {10.1152/physiolgenomics.00196.2009},
   url = {http://www.ncbi.nlm.nih.gov/pubmed/20215416},
   year = {2010},
   type = {Journal Article}
}

@article{RN1489,
   author = {Ellefsen, S. and Vikmoen, O. and Zacharoff, E. and Rauk, I. and Slettalokken, G. and Hammarstrom, D. and Strand, T. A. and Whist, J. E. and Hanestadhaugen, M. and Vegge, G. and Fagernes, C. E. and Nygaard, H. and Hollan, I. and Ronnestad, B. R.},
   title = {Reliable determination of training-induced alterations in muscle fiber composition in human skeletal muscle using quantitative polymerase chain reaction},
   journal = {Scand J Med Sci Sports},
   volume = {24},
   number = {5},
   pages = {e332-42},
   ISSN = {1600-0838 (Electronic)
0905-7188 (Linking)},
   DOI = {10.1111/sms.12185},
   url = {http://www.ncbi.nlm.nih.gov/pubmed/24924099},
   year = {2014},
   type = {Journal Article}
}

@article{RN2536,
   author = {Faigenbaum, A. D. and Myer, G. D.},
   title = {Resistance training among young athletes: safety, efficacy and injury prevention effects},
   journal = {British Journal of Sports Medicine},
   volume = {44},
   number = {1},
   pages = {56},
   DOI = {10.1136/bjsm.2009.068098},
   url = {http://bjsm.bmj.com/content/44/1/56.abstract
https://bjsm.bmj.com/content/bjsports/44/1/56.full.pdf},
   year = {2010},
   type = {Journal Article}
}

@article{RN2126,
   author = {Fang, Y. and Vilella-Bach, M. and Bachmann, R. and Flanigan, A. and Chen, J.},
   title = {Phosphatidic acid-mediated mitogenic activation of mTOR signaling},
   journal = {Science},
   volume = {294},
   number = {5548},
   pages = {1942-5},
   ISSN = {0036-8075 (Print)
0036-8075},
   DOI = {10.1126/science.1066015},
   year = {2001},
   type = {Journal Article}
}

@article{RN1519,
   author = {Farup, J. and Rahbek, S. K. and Riis, S. and Vendelbo, M. H. and Paoli, Fd and Vissing, K.},
   title = {Influence of exercise contraction mode and protein supplementation on human skeletal muscle satellite cell content and muscle fiber growth},
   journal = {J Appl Physiol (1985)},
   volume = {117},
   number = {8},
   pages = {898-909},
   ISSN = {1522-1601 (Electronic)
0161-7567 (Linking)},
   DOI = {10.1152/japplphysiol.00261.2014},
   url = {http://www.ncbi.nlm.nih.gov/pubmed/25103976},
   year = {2014},
   type = {Journal Article}
}

@article{RN2538,
   author = {Feigenbaum, M. S. and Pollock, M. L.},
   title = {Prescription of resistance training for health and disease},
   journal = {Med Sci Sports Exerc},
   volume = {31},
   number = {1},
   pages = {38-45},
   ISSN = {0195-9131 (Print)
0195-9131},
   DOI = {10.1097/00005768-199901000-00008},
   year = {1999},
   type = {Journal Article}
}

@article{RN2520,
   author = {Filippin, L. I. and Teixeira, V. N. and da Silva, M. P. and Miraglia, F. and da Silva, F. S.},
   title = {Sarcopenia: a predictor of mortality and the need for early diagnosis and intervention},
   journal = {Aging Clin Exp Res},
   volume = {27},
   number = {3},
   pages = {249-54},
   ISSN = {1594-0667},
   DOI = {10.1007/s40520-014-0281-4},
   url = {https://link.springer.com/content/pdf/10.1007/s40520-014-0281-4.pdf},
   year = {2015},
   type = {Journal Article}
}

@book{RN2537,
   author = {Fleck, Steven J. and Kraemer, William J.},
   title = {Designing resistance training programs},
   publisher = {Human Kinetics},
   address = {Champaign, IL},
   edition = {Fourth edition.},
   pages = {xi, 507 p.},
   ISBN = {9780736081702 (print)
0736081704 (print)},
   year = {2014},
   type = {Book}
}

@article{RN2513,
   author = {Fukasawa, H. and Kaneko, M. and Niwa, H. and Matsuyama, T. and Yasuda, H. and Kumagai, H. and Furuya, R.},
   title = {Lower thigh muscle mass is associated with all-cause and cardiovascular mortality in elderly hemodialysis patients},
   journal = {European Journal of Clinical Nutrition},
   volume = {71},
   number = {1},
   pages = {64-69},
   ISSN = {1476-5640},
   DOI = {10.1038/ejcn.2016.186},
   url = {https://doi.org/10.1038/ejcn.2016.186},
   year = {2017},
   type = {Journal Article}
}

@article{RN2534,
   author = {Grgic, J. and Garofolini, A. and Orazem, J. and Sabol, F. and Schoenfeld, B. J. and Pedisic, Z.},
   title = {Effects of Resistance Training on Muscle Size and Strength in Very Elderly Adults: A Systematic Review and Meta-Analysis of Randomized Controlled Trials},
   journal = {Sports Med},
   ISSN = {0112-1642},
   DOI = {10.1007/s40279-020-01331-7},
   url = {https://link.springer.com/content/pdf/10.1007/s40279-020-01331-7.pdf},
   year = {2020},
   type = {Journal Article}
}

@article{RN1707,
   author = {Habets, P. E. and Franco, D. and Ruijter, J. M. and Sargeant, A. J. and Pereira, J. A. and Moorman, A. F.},
   title = {RNA content differs in slow and fast muscle fibers: implications for interpretation of changes in muscle gene expression},
   journal = {J Histochem Cytochem},
   volume = {47},
   number = {8},
   pages = {995-1004},
   ISSN = {0022-1554 (Print)
0022-1554 (Linking)},
   url = {http://www.ncbi.nlm.nih.gov/pubmed/10424883},
   year = {1999},
   type = {Journal Article}
}

@article{RN2213,
   author = {Hannan, K. M. and Hannan, R. D. and Smith, S. D. and Jefferson, L. S. and Lun, M. and Rothblum, L. I.},
   title = {Rb and p130 regulate RNA polymerase I transcription: Rb disrupts the interaction between UBF and SL-1},
   journal = {Oncogene},
   volume = {19},
   number = {43},
   pages = {4988-99},
   ISSN = {0950-9232 (Print)
0950-9232},
   DOI = {10.1038/sj.onc.1203875},
   url = {https://www.nature.com/articles/1203875.pdf},
   year = {2000},
   type = {Journal Article}
}

@article{RN2539,
   author = {Hass, C. J. and Feigenbaum, M. S. and Franklin, B. A.},
   title = {Prescription of resistance training for healthy populations},
   journal = {Sports Med},
   volume = {31},
   number = {14},
   pages = {953-64},
   ISSN = {0112-1642 (Print)
0112-1642},
   DOI = {10.2165/00007256-200131140-00001},
   url = {https://link.springer.com/content/pdf/10.2165/00007256-200131140-00001.pdf},
   year = {2001},
   type = {Journal Article}
}

@article{RN2517,
   author = {Janssen, I. and Heymsfield, S. B. and Ross, R.},
   title = {Low relative skeletal muscle mass (sarcopenia) in older persons is associated with functional impairment and physical disability},
   journal = {J Am Geriatr Soc},
   volume = {50},
   number = {5},
   pages = {889-96},
   ISSN = {0002-8614 (Print)
0002-8614},
   DOI = {10.1046/j.1532-5415.2002.50216.x},
   url = {https://onlinelibrary.wiley.com/doi/abs/10.1046/j.1532-5415.2002.50216.x?sid=nlm%3Apubmed},
   year = {2002},
   type = {Journal Article}
}

@article{RN2529,
   author = {Janssen, I. and Heymsfield, S. B. and Wang, Z. M. and Ross, R.},
   title = {Skeletal muscle mass and distribution in 468 men and women aged 18-88 yr},
   journal = {J Appl Physiol (1985)},
   volume = {89},
   number = {1},
   pages = {81-8},
   ISSN = {8750-7587 (Print)
0161-7567},
   DOI = {10.1152/jappl.2000.89.1.81},
   url = {https://journals.physiology.org/doi/pdf/10.1152/jappl.2000.89.1.81},
   year = {2000},
   type = {Journal Article}
}

@article{RN2190,
   author = {Kortebein, P. and Symons, T. B. and Ferrando, A. and Paddon-Jones, D. and Ronsen, O. and Protas, E. and Conger, S. and Lombeida, J. and Wolfe, R. and Evans, W. J.},
   title = {Functional impact of 10 days of bed rest in healthy older adults},
   journal = {J Gerontol A Biol Sci Med Sci},
   volume = {63},
   number = {10},
   pages = {1076-81},
   ISSN = {1079-5006 (Print)
1079-5006},
   year = {2008},
   type = {Journal Article}
}

@article{RN2125,
   author = {Lehman, N. and Ledford, B. and Di Fulvio, M. and Frondorf, K. and McPhail, L. C. and Gomez-Cambronero, J.},
   title = {Phospholipase D2-derived phosphatidic acid binds to and activates ribosomal p70 S6 kinase independently of mTOR},
   journal = {Faseb j},
   volume = {21},
   number = {4},
   pages = {1075-87},
   ISSN = {0892-6638},
   DOI = {10.1096/fj.06-6652com},
   year = {2007},
   type = {Journal Article}
}

@article{RN2512,
   author = {Li, Ran and Xia, Jin and Zhang, X. I. and Gathirua-Mwangi, Wambui Grace and Guo, Jianjun and Li, Yufeng and McKenzie, Steve and Song, Yiqing},
   title = {Associations of Muscle Mass and Strength with All-Cause Mortality among US Older Adults},
   journal = {Medicine and science in sports and exercise},
   volume = {50},
   number = {3},
   pages = {458-467},
   ISSN = {1530-0315
0195-9131},
   DOI = {10.1249/MSS.0000000000001448},
   url = {https://pubmed.ncbi.nlm.nih.gov/28991040
https://www.ncbi.nlm.nih.gov/pmc/articles/PMC5820209/
https://www.ncbi.nlm.nih.gov/pmc/articles/PMC5820209/pdf/nihms910529.pdf},
   year = {2018},
   type = {Journal Article}
}

@article{RN1964,
   author = {Matz, M. V. and Wright, R. M. and Scott, J. G.},
   title = {No control genes required: Bayesian analysis of qRT-PCR data},
   journal = {PLoS One},
   volume = {8},
   number = {8},
   pages = {e71448},
   ISSN = {1932-6203},
   DOI = {10.1371/journal.pone.0071448},
   url = {https://www.ncbi.nlm.nih.gov/pmc/articles/PMC3747227/pdf/pone.0071448.pdf},
   year = {2013},
   type = {Journal Article}
}

@article{RN2533,
   author = {McLeod, Michael and Breen, Leigh and Hamilton, D. Lee and Philp, Andrew},
   title = {Live strong and prosper: the importance of skeletal muscle strength for healthy ageing},
   journal = {Biogerontology},
   volume = {17},
   number = {3},
   pages = {497-510},
   ISSN = {1573-6768
1389-5729},
   DOI = {10.1007/s10522-015-9631-7},
   url = {https://pubmed.ncbi.nlm.nih.gov/26791164
https://www.ncbi.nlm.nih.gov/pmc/articles/PMC4889643/
https://www.ncbi.nlm.nih.gov/pmc/articles/PMC4889643/pdf/10522_2015_Article_9631.pdf},
   year = {2016},
   type = {Journal Article}
}

@article{RN2128,
   author = {Meerson, F. Z. and Kopteva, L. A. and Melechov, V. V. and Markovskaya, G. J.},
   title = {Nucleotide content of ribonucleic acid in compensatory hyperfunction and hypertrophy of the heart},
   journal = {Nature},
   volume = {212},
   number = {5065},
   pages = {927-8},
   ISSN = {0028-0836 (Print)
0028-0836},
   year = {1966},
   type = {Journal Article}
}

@article{RN2514,
   author = {Miyake, H. and Kanazawa, I. and Tanaka, K. I. and Sugimoto, T.},
   title = {Low skeletal muscle mass is associated with the risk of all-cause mortality in patients with type 2 diabetes mellitus},
   journal = {Ther Adv Endocrinol Metab},
   volume = {10},
   pages = {2042018819842971},
   ISSN = {2042-0188 (Print)
2042-0188},
   DOI = {10.1177/2042018819842971},
   url = {https://journals.sagepub.com/doi/pdf/10.1177/2042018819842971},
   year = {2019},
   type = {Journal Article}
}

@article{RN2199,
   author = {Morton, R. W. and Murphy, K. T. and McKellar, S. R. and Schoenfeld, B. J. and Henselmans, M. and Helms, E. and Aragon, A. A. and Devries, M. C. and Banfield, L. and Krieger, J. W. and Phillips, S. M.},
   title = {A systematic review, meta-analysis and meta-regression of the effect of protein supplementation on resistance training-induced gains in muscle mass and strength in healthy adults},
   journal = {Br J Sports Med},
   volume = {52},
   number = {6},
   pages = {376-384},
   ISSN = {0306-3674},
   DOI = {10.1136/bjsports-2017-097608},
   url = {https://bjsm.bmj.com/content/bjsports/52/6/376.full.pdf},
   year = {2018},
   type = {Journal Article}
}

@article{RN2184,
   author = {Pinedo-Villanueva, R. and Westbury, L. D. and Syddall, H. E. and Sanchez-Santos, M. T. and Dennison, E. M. and Robinson, S. M. and Cooper, C.},
   title = {Health Care Costs Associated With Muscle Weakness: A UK Population-Based Estimate},
   journal = {Calcif Tissue Int},
   volume = {104},
   number = {2},
   pages = {137-144},
   ISSN = {0171-967x},
   DOI = {10.1007/s00223-018-0478-1},
   url = {https://link.springer.com/content/pdf/10.1007%2Fs00223-018-0478-1.pdf},
   year = {2019},
   type = {Journal Article}
}

@article{RN1577,
   author = {Raheem, O. and Huovinen, S. and Suominen, T. and Haapasalo, H. and Udd, B.},
   title = {Novel myosin heavy chain immunohistochemical double staining developed for the routine diagnostic separation of I, IIA and IIX fibers},
   journal = {Acta Neuropathol},
   volume = {119},
   number = {4},
   pages = {495-500},
   ISSN = {1432-0533 (Electronic)
0001-6322 (Linking)},
   DOI = {10.1007/s00401-010-0643-8},
   url = {http://www.ncbi.nlm.nih.gov/pubmed/20107819},
   year = {2010},
   type = {Journal Article}
}

@article{RN1,
   author = {Ratamess, N. and Alvar, B. A. and Evetoch, T K. and Housh, T. J. and Kibler, B. and Kraemer, W. J. and Triplett, N. T.},
   title = {American College of Sports Medicine position stand. Progression models in resistance training for healthy adults},
   journal = {Med Sci Sports Exerc},
   volume = {41},
   number = {3},
   pages = {687-708},
   ISSN = {1530-0315},
   DOI = {10.1249/MSS.0b013e3181915670},
   url = {http://www.ncbi.nlm.nih.gov/pubmed/19204579},
   year = {2009},
   type = {Journal Article}
}

@article{RN2527,
   author = {Roth, Stephen M.},
   title = {Genetic aspects of skeletal muscle strength and mass with relevance to sarcopenia},
   journal = {BoneKEy reports},
   volume = {1},
   pages = {58-58},
   ISSN = {2047-6396},
   DOI = {10.1038/bonekey.2012.58},
   url = {https://pubmed.ncbi.nlm.nih.gov/27127623
https://www.ncbi.nlm.nih.gov/pmc/articles/PMC4816288/
https://www.ncbi.nlm.nih.gov/pmc/articles/PMC4816288/pdf/bonekey201258.pdf},
   year = {2012},
   type = {Journal Article}
}

@article{RN2376,
   author = {Ruiz, Jonatan R. and Sui, Xuemei and Lobelo, Felipe and Morrow, James R., Jr. and Jackson, Allen W. and Sjöström, Michael and Blair, Steven N.},
   title = {Association between muscular strength and mortality in men: prospective cohort study},
   journal = {BMJ (Clinical research ed.)},
   volume = {337},
   number = {7661},
   pages = {a439-a439},
   ISSN = {1756-1833
0959-8138},
   DOI = {10.1136/bmj.a439},
   url = {https://pubmed.ncbi.nlm.nih.gov/18595904
https://www.ncbi.nlm.nih.gov/pmc/articles/PMC2453303/
https://www.ncbi.nlm.nih.gov/pmc/articles/PMC2453303/pdf/bmj-337-7661-res-00092-el.pdf},
   year = {2008},
   type = {Journal Article}
}

@article{RN2532,
   author = {Sousa, A. S. and Guerra, R. S. and Fonseca, I. and Pichel, F. and Ferreira, S. and Amaral, T. F.},
   title = {Financial impact of sarcopenia on hospitalization costs},
   journal = {Eur J Clin Nutr},
   volume = {70},
   number = {9},
   pages = {1046-51},
   ISSN = {0954-3007},
   DOI = {10.1038/ejcn.2016.73},
   url = {https://www.nature.com/articles/ejcn201673},
   year = {2016},
   type = {Journal Article}
}

@article{RN2515,
   author = {Szulc, P. and Munoz, F. and Marchand, F. and Chapurlat, R. and Delmas, P. D.},
   title = {Rapid loss of appendicular skeletal muscle mass is associated with higher all-cause mortality in older men: the prospective MINOS study},
   journal = {Am J Clin Nutr},
   volume = {91},
   number = {5},
   pages = {1227-36},
   ISSN = {0002-9165},
   DOI = {10.3945/ajcn.2009.28256},
   url = {https://watermark.silverchair.com/1227.pdf?token=AQECAHi208BE49Ooan9kkhW_Ercy7Dm3ZL_9Cf3qfKAc485ysgAAAqAwggKcBgkqhkiG9w0BBwagggKNMIICiQIBADCCAoIGCSqGSIb3DQEHATAeBglghkgBZQMEAS4wEQQMTOq_5M7ekxEhdgUSAgEQgIICU_SyZi83_uorcujZzUwon49MkXvXcPLaiv9hPVmQFBlF0WoCuvMQgX4CHtMsNLWIYjGZ4SupQLTjIB8cnAPkeuTmlZREHm3DXrvT2QrFwlBYQsRpiyvMwdlaHotKo9ZcGpQ856e4q1GYGMELswM3HYLMf4IFi7vVcUmqUz4ana6X7G7UwthkIUDY6iALaeLoJC1Buxz5_HRROBp2BigZWZSvBM1uJiynJa4BfDGomTfD8s2GxIpaw9yJsoStuyXrXuOsf2Ww7SYcBaHao7iuiTQpr3I7XxhdCfonVinaN2EzbZy5W3A3zZkq7PTAGCivoNYF6WITa2AhC5qiWoU-wwQYZotXX0EVX5bC1YQTau81_OJO0YIis2fmOlWjslHO9sRLg_xKUXjBZm55vXy7fYHaoAtfq8G9n9FFKtw_e23whR9n_4aGgn3EhR7nag4PmsRFC-z893iaLLbif-aFCiCTyqwkIvxPhmaO89PkPmwX1h88DdjR0Y-E3VyqkZSbej6ElOv47S3eVA0ayHukCr8_LxKLw9bfnE3TnG5Y1Q3DIodYmVvgtvt8JKeB6Fz5LhQOyjhDwQa95d76DDbJzyUZryVznO-Jq8bf3EqQ6pNpbUeuJIuO2P18TiQegwOedAC6LYqv6AfcMKEz9NGc4J-N3-eAPhaEvzOhWjlo3GGRRdzg60v3S9o6DHGBQb-38psemaY0st6LZ-go70W0ccbkclAyoETOahi_A-AKEVZrs6n23m9GA3PCxSWJ6Jq6u6oRIeIALSz2M9dCi40hK0x-Ieo},
   year = {2010},
   type = {Journal Article}
}

@article{RN2212,
   author = {van Wessel, T. and de Haan, A. and van der Laarse, W. J. and Jaspers, R. T.},
   title = {The muscle fiber type-fiber size paradox: hypertrophy or oxidative metabolism?},
   journal = {Eur J Appl Physiol},
   volume = {110},
   number = {4},
   pages = {665-94},
   ISSN = {1439-6319},
   DOI = {10.1007/s00421-010-1545-0},
   url = {https://www.ncbi.nlm.nih.gov/pmc/articles/PMC2957584/pdf/421_2010_Article_1545.pdf},
   year = {2010},
   type = {Journal Article}
}

@article{RN763,
   author = {Wolfe, R. R.},
   title = {The underappreciated role of muscle in health and disease},
   journal = {Am J Clin Nutr},
   volume = {84},
   number = {3},
   pages = {475-82},
   ISSN = {0002-9165 (Print)
0002-9165 (Linking)},
   url = {https://www.ncbi.nlm.nih.gov/pubmed/16960159},
   year = {2006},
   type = {Journal Article}
}

